@article{Elseberg,
author = {Elseberg, Jan and Borrmann, Dorit and Nüchter, Andreas},
year = {2013},
month = {02},
pages = {76-88},
title = {One billion points in the cloud - An octree for efficient processing of 3D laser scans},
volume = {76},
journal = {International Journal of Photogrammetry and Remote Sensing},
doi = {10.1016/j.isprsjprs.2012.10.004}
}


@mastersthesis{Piipponen,
  author       = {Markus Piipponen}, 
  title        = {3D-suunnittelun hyödyntäminen tehdassuunnittelussa},
  school       = {Satakunnan ammattikorkeakoulu},
  year         = 2012,
  type = {Opinnäytetyö}
}

@mastersthesis{fabritius,
  author={Jere Fabritius}, 
  title={Terrestrial three-dimensional laser scanning in Aveva PDMS},
  school={Tampereen ammattikorkeakoulu},
  year={2009},
  type={Opinnäytetyö}
}

@misc{cadmatic,
author = {CADMATIC},
title = {Keskustelut CADMATIC:n henkilöstön kanssa},
year = {2019}
}

@article{aveva,
author={Aveva},
title={AVEVA Laser Modeller},
url={https://www.digitalengineering247.com/pics/pdfs/AVEVA_L51_LaserModeller.PDF},
misc={viitattu 12.10.2019}
}


@article{boehler,
author = {Wolfgang BOEHLER, Guido HEINZ, Andreas MARBS, Mirko SIEBOLD},
year = {2002},
title = {3D SCANNING SOFTWARE: AN INTRODUCTION},
volume = {76},
journal = {Institute for Spatial Information and Surveying Technology, University of Applied Sciences, Mainz, Germany.},
url={https://i3mainz.hs-mainz.de/sites/default/files/public/data/p11_Boehler.pdf},
misc={viitattu 12.10.2019}
}

@ARTICLE{icp,
author={P. J. {Besl} and N. D. {McKay}},
journal={IEEE Transactions on Pattern Analysis and Machine Intelligence},
title={A method for registration of 3-D shapes},
year={1992},
volume={14},
number={2},
pages={239-256},
doi={10.1109/34.121791},
ISSN={},
month={Feb},}



@phdthesis{Pascal,
  title={Automated Registration of Terrestrial Laser Scanner Point Clouds},
  author={Pascal Willy Theiler},
  school={ETH Zũrich},
  year={2015},
}

@techreport{Whitted,
  title={The Use of Points as a Display Primitive},
  author={Marc Levoy, Turner Whitted},
  year={1985},
  institution={Computer Science Department,
University of North Carolina at Chapel Hill},
  misc={Technical Report 85-022}
}
@techreport{silta,
 title={Siltojen 3D-suunnittelu- ja mittausprosessin kehittäminen ja käyttöönottaminen (Älykäs silta)},
 year={2005},
 institution={Tiehallinto},
 author={Heikkilä Rauno and Karjalainen Antti and Pulkkinen Pekka and Haapa-aho Esa and Jokinen Mauno and Oinonen Aarno and Jaakkola Mika}
}

@inproceedings{Kersten,
author = {Kersten, Thomas and Lindstaedt, Maren},
year = {2012},
month = {11},
pages = {},
title = {Virtual Architectural 3D Model of the Imperial Cathedral (Kaiserdom) of Königslutter, Germany through Terrestrial Laser Scanning},
}


@article{car,
author = {Jeff Hecht},
journal = {Optics and Photonics News},
number = {1},
pages = {26--33},
publisher = {OSA},
title = {Lidar for Self-Driving Cars},
volume = {29},
month = {Jan},
year = {2018},
url = {http://www.osa-opn.org/abstract.cfm?URI=opn-29-1-26},
}
